@PhdThesis{FLOMAN,
	author = {Florian Many},
	title = {Combinaison des aspects temps réel et sûreté de fonctionnement pour la conception des
	plateformes avioniques},
	school = {Université de Toulouse},
	year = {2013},
	OPTkey = {},
	OPTtype = {},
	OPTaddress = {},
	OPTmonth = {Février},
	OPTnote = {},
	OPTannote = {},
	OPTurl = {},
	OPTurldate = {},
	OPTlastchecked = {},
	OPTdoi = {},
	OPTisbn = {},
	OPTissn = {},
	OPTlocalfile = {},
	OPTabstract = {},
	OPTkeywords = {},
}


@inproceedings{boukir2020requirement,
	title={Requirement specification and model-checking of a real-time scheduler implementation},
	author={Boukir, Khaoula and B{\'e}chennec, Jean-Luc and D{\'e}planche, Anne-Marie},
	booktitle={Proceedings of the 28th International Conference on Real-Time Networks and Systems},
	pages={89--99},
	year={2020}
}

@inproceedings{boukir2019,
	title={Vérification d’une implémentation d’ordonnanceur temps réel par	model-checking},
	author={Boukir, Khaoula and B{\'e}chennec, Jean-Luc and D{\'e}planche, Anne-Marie},
	booktitle={Proceedings of the 27th International Conference on Real-Time Networks and Systems},
	pages={},
	year={2019},
	organization={ACM}
}

@article{goossens2016periodicity,
	title={Periodicity of real-time schedules for dependent periodic tasks on identical multiprocessor platforms},
	author={Goossens, Jo{\"e}l and Grolleau, Emmanuel and Cucu-Grosjean, Liliana},
	journal={Real-time systems},
	volume={52},
	number={6},
	pages={808--832},
	year={2016},
	publisher={Springer}
}

@article{grolleau2013periodic,
	title={On the periodic behavior of real-time schedulers on identical multiprocessor platforms},
	author={Grolleau, Emmanuel and Goossens, Jo{\"e}l and Cucu-Grosjean, Liliana},
	journal={arXiv preprint arXiv:1305.3849},
	year={2013}
}

@inproceedings{bbd19,
	title={Formal verification of a real-time scheduler using	model-checking: properties analysis},
	author={Boukir, Khaoula and Béchennec, Jean-Luc and Déplanche, Anne-Marie},
	booktitle={29th Euromicro Conference on Real-Time Systems (ECRTS 2019)},
	year={2019},
}


@article{boukir2017reducing,
	title={Reducing the gap between theory and practice: towards A Proven Implementation of Global EDF in Trampoline},
	author={Boukir, Khaoula and B{\'e}chennec, Jean-Luc and D{\'e}planche, Anne-Marie},
	journal={JRWRTC 2017},
	pages={9},
	year={2017}
}

@inproceedings{boukir2018formal,
	title={Formal approach for a verified implementation of Global EDF in Trampoline},
	author={Boukir, Khaoula and B{\'e}chennec, Jean-Luc and D{\'e}planche, Anne-Marie},
	booktitle={Proceedings of the 26th International Conference on Real-Time Networks and Systems},
	pages={83--92},
	year={2018},
	organization={ACM}
}

@manual{osek,
	ALTauthor = {OSEK},
	ALTeditor = {OSEK},
	title = {OSEK/VDX System Generation OIL : OSEK Implementation Language},
	date = {July 1, 2004},
	OPTsubtitle = {subtitle},
	OPTtitleaddon = {titleaddon},
	OPTlanguage = {language},
	OPTedition = {edition},
	OPTtype = {type},
	OPTseries = {series},
	OPTnumber = {number},
	OPTversion = {version},
	OPTnote = {note},
	OPTorganization = {organization},
	OPTpublisher = {publisher},
	OPTlocation = {location},
	OPTisbn = {isbn},
	OPTchapter = {chapter},
	OPTpages = {pages},
	OPTpagetotal = {pagetotal},
	OPTaddendum = {addendum},
	OPTpubstate = {pubstate},
	OPTdoi = {doi},
	OPTeprint = {eprint},
	OPTeprintclass = {eprintclass},
	OPTeprinttype = {eprinttype},
	OPTurl = {url},
	OPTurldate = {urldate},
}

@inproceedings{clarke1981design,
	title={Design and synthesis of synchronization skeletons using branching time temporal logic},
	author={Clarke, Edmund M and Emerson, E Allen},
	booktitle={Workshop on Logic of Programs},
	pages={52--71},
	year={1981},
	organization={Springer}
}


@article{jones1986empirical,
	title={An empirical comparison of priority-queue and event-set implementations},
	author={Jones, Douglas W},
	journal={Communications of the ACM},
	volume={29},
	number={4},
	pages={300--311},
	year={1986},
	publisher={ACM}
}

@inproceedings{carlini2003efficient,
	title={An efficient time representation for real-time embedded systems},
	author={Carlini, Alessio and Buttazzo, Giorgio C},
	booktitle={Proceedings of the 2003 ACM symposium on Applied computing},
	pages={705--712},
	year={2003},
	organization={ACM}
}

@book{2008ieee,
	title={The Open Group Technical Standard. Base Specifications, Issue 6},
	url={https://books.google.co.ma/books?id=Ag5BnQAACAAJ},
	year={2008},
	publisher={IEEE}
}

@article{fonseca2001approximating,
	title={Approximating linear time with finite count clocks},
	author={Fonseca, Pedro},
	journal={Electr{\'o}nica e Telecomunica{\c{c}}{\~o}es},
	volume={3},
	number={4},
	pages={359--361},
	year={2001}
}

@techreport{jackson1955scheduling,
	title={Scheduling a production line to minimize maximum tardiness},
	author={Jackson, James R},
	year={1955},
	institution={California Univ Los Angeles Numerical Analysis Research}
}

@inproceedings{buttazzo2006efficient,
	title={Efficient EDF implementation for small embedded systems},
	author={Buttazzo, Giorgio and Gai, Paolo and others},
	booktitle={Proc. International Workshop on Operating Systems Platforms for Embedded Real-Time Applications},
	year={2006}
}

@article{zahir1998oil,
	title={OIL-OSEK implementation language},
	author={Zahir, Andree},
	year={1998},
	publisher={IET}
}

@inproceedings{tigori2015using,
	title={Using formal methods for the development of safe application-specific RTOS for automotive systems},
	author={Tigori, Kabland and B{\'e}chennec, Jean-Luc and Faucou, S{\'e}bastien and Roux, Olivier},
	booktitle={CARS 2015-Critical Automotive applications: Robustness \& Safety},
	year={2015}
}

@inproceedings{tigori2015approche,
	title={Approche formelle pour la sp{\'e}cialisation de syst{\`e}mes d'exploitation temps r{\'e}el},
	author={Tigori, Kabland Toussaint Gautier and B{\'e}chennec, Jean-Luc and Roux, Olivier Henri},
	booktitle={Mod{\'e}lisation des Syst{\`e}mes R{\'e}actifs (MSR 2015)},
	year={2015}
}

@article{bengtsson1996uppaal,
	title={UPPAAL—a tool suite for automatic verification of real-time systems},
	author={Bengtsson, Johan and Larsen, Kim and Larsson, Fredrik and Pettersson, Paul and Yi, Wang},
	journal={Hybrid Systems III},
	pages={232--243},
	year={1996},
	publisher={Springer}
}

@inproceedings{levin2010dp,
	title={DP-FAIR: A simple model for understanding optimal multiprocessor scheduling},
	author={Levin, Greg and Funk, Shelby and Sadowski, Caitlin and Pye, Ian and Brandt, Scott},
	booktitle={Real-Time Systems (ECRTS), 2010 22nd Euromicro Conference on},
	pages={3--13},
	year={2010},
	organization={IEEE}
}

@inproceedings{cho2006optimal,
	title={An optimal real-time scheduling algorithm for multiprocessors},
	author={Cho, Hyeonjoong and Ravindran, Binoy and Jensen, E Douglas},
	booktitle={Real-Time Systems Symposium, 2006. RTSS'06. 27th IEEE International},
	pages={101--110},
	year={2006},
	organization={IEEE}
}

@inproceedings{andersson2001static,
	title={Static-priority scheduling on multiprocessors},
	author={Andersson, Bj{\"o}rn and Baruah, Sanjoy and Jonsson, Jan},
	booktitle={Real-Time Systems Symposium, 2001.(RTSS 2001). Proceedings. 22nd IEEE},
	pages={193--202},
	year={2001},
	organization={IEEE}
}

@article{srinivasan2002deadline,
	title={Deadline-based scheduling of periodic task systems on multiprocessors},
	author={Srinivasan, Anand and Baruah, Sanjoy},
	journal={Information Processing Letters},
	volume={84},
	number={2},
	pages={93--98},
	year={2002},
	publisher={Elsevier}
}

@inproceedings{bertogna2005new,
	title={New schedulability tests for real-time task sets scheduled by deadline monotonic on multiprocessors},
	author={Bertogna, Marko and Cirinei, Michele and Lipari, Giuseppe},
	booktitle={International Conference On Principles Of Distributed Systems},
	pages={306--321},
	year={2005},
	organization={Springer}
}

@article{goossens2003priority,
	title={Priority-driven scheduling of periodic task systems on multiprocessors},
	author={Goossens, Jo{\"e}l and Funk, Shelby and Baruah, Sanjoy},
	journal={Real-time systems},
	volume={25},
	number={2},
	pages={187--205},
	year={2003},
	publisher={Springer}
}

@inproceedings{andersson2000fixed,
	title={Fixed-priority preemptive multiprocessor scheduling: to partition or not to partition},
	author={Andersson, Bj{\"o}rn and Jonsson, Jan},
	booktitle={Real-Time Computing Systems and Applications, 2000. Proceedings. Seventh International Conference on},
	pages={337--346},
	year={2000},
	organization={IEEE}
}

@article{erickson2014fair,
	title={Fair lateness scheduling: Reducing maximum lateness in G-EDF-like scheduling},
	author={Erickson, Jeremy P and Anderson, James H and Ward, Bryan C},
	journal={Real-Time Systems},
	volume={50},
	number={1},
	pages={5--47},
	year={2014},
	publisher={Springer}
}

@inproceedings{lee1994line,
	title={On-line multiprocessor scheduling algorithms for real-time tasks},
	author={Lee, Suk Kyoon},
	booktitle={TENCON'94. IEEE Region 10's Ninth Annual International Conference. Theme: Frontiers of Computer Technology. Proceedings of 1994},
	pages={607--611},
	year={1994},
	organization={IEEE}
}

@article{davis2012fpsl,
	title={FPSL, FPCL and FPZL schedulability analysis},
	author={Davis, Robert I and Kato, Shinpei},
	journal={Real-Time Systems},
	volume={48},
	number={6},
	pages={750--788},
	year={2012},
	publisher={Springer}
}

@inproceedings{oh1998modified,
	title={A modified least-laxity-first scheduling algorithm for real-time tasks},
	author={Oh, Sung-Heun and Yang, Seung-Min},
	booktitle={Real-Time Computing Systems and Applications, 1998. Proceedings. Fifth International Conference on},
	pages={31--36},
	year={1998},
	organization={IEEE}
}

@inproceedings{nelissen2012u,
	title={U-EDF: An unfair but optimal multiprocessor scheduling algorithm for sporadic tasks},
	author={Nelissen, Geoffrey and Berten, Vandy and N{\'e}lis, Vincent and Goossens, Jo{\"e}l and Milojevic, Dragomir},
	booktitle={Real-Time Systems (ECRTS), 2012 24th Euromicro Conference on},
	pages={13--23},
	year={2012},
	organization={IEEE}
}

@inproceedings{anderson2000pfair,
	title={Pfair scheduling: Beyond periodic task systems},
	author={Anderson, James H and Srinivasan, Anand},
	booktitle={Real-Time Computing Systems and Applications, 2000. Proceedings. Seventh International Conference on},
	pages={297--306},
	year={2000},
	organization={IEEE}
}

@article{baruah1996proportionate,
	title={Proportionate progress: A notion of fairness in resource allocation},
	author={Baruah, Sanjoy K and Cohen, Neil K and Plaxton, C Greg and Varvel, Donald A},
	journal={Algorithmica},
	volume={15},
	number={6},
	pages={600--625},
	year={1996},
	publisher={Springer}
}

@inproceedings{anderson2000early,
	title={Early-release fair scheduling},
	author={Anderson, James H and Srinivasan, Anand},
	booktitle={Real-Time Systems, 2000. Euromicro RTS 2000. 12th Euromicro Conference on},
	pages={35--43},
	year={2000},
	organization={IEEE}
}

@article{kim2011new,
	title={A new fair scheduling algorithm for periodic tasks on multiprocessors},
	author={Kim, Heeheon and Cho, Yookun},
	journal={Information Processing Letters},
	volume={111},
	number={7},
	pages={301--309},
	year={2011},
	publisher={Elsevier}
}

@article{khemka1997optimal,
	title={An optimal multiprocessor real-time scheduling algorithm},
	author={Khemka, Ashok and Shyamasundar, RK},
	journal={Journal of parallel and distributed computing},
	volume={43},
	number={1},
	pages={37--45},
	year={1997},
	publisher={Elsevier}
}

@article{nelissen2014optimal,
	title={An optimal boundary fair scheduling},
	author={Nelissen, Geoffrey and Su, Hang and Guo, Yifeng and Zhu, Dakai and N{\'e}lis, Vincent and Goossens, Jo{\"e}l},
	journal={Real-time systems},
	volume={50},
	number={4},
	pages={456--508},
	year={2014},
	publisher={Springer}
}

@inproceedings{zhu2003multiple,
	title={Multiple-resource periodic scheduling problem: how much fairness is necessary?},
	author={Zhu, Dakai and Moss{\'e}, Daniel and Melhem, Rami},
	booktitle={Real-Time Systems Symposium, 2003. RTSS 2003. 24th IEEE},
	pages={142--151},
	year={2003},
	organization={IEEE}
}

@inproceedings{levin2010dp,
	title={DP-FAIR: A simple model for understanding optimal multiprocessor scheduling},
	author={Levin, Greg and Funk, Shelby and Sadowski, Caitlin and Pye, Ian and Brandt, Scott},
	booktitle={Real-Time Systems (ECRTS), 2010 22nd Euromicro Conference on},
	pages={3--13},
	year={2010},
	organization={IEEE}
}

@inproceedings{funk2009lre,
	title={LRE-TL: An optimal multiprocessor scheduling algorithm for sporadic task sets},
	author={Funk, Shelby and Nanadur, Vijaykant},
	booktitle={17th International Conference on Real-Time and Network Systems},
	pages={159--168},
	year={2009}
}

@article{anderson1999new,
	title={A new look at pfair priorities},
	author={Anderson, J and Srinivasan, Anand},
	journal={Submitted to Real-time Systems Journal},
	year={1999}
}

@inproceedings{baruah1995fast,
	title={Fast scheduling of periodic tasks on multiple resources},
	author={Baruah, Sanjoy K and Gehrke, Johannes E and Plaxton, C Greg},
	booktitle={Parallel Processing Symposium, 1995. Proceedings., 9th International},
	pages={280--288},
	year={1995},
	organization={IEEE}
}

@article{mok1983fundamental,
	title={Fundamental design problems of distributed systems for the hard-real-time environment},
	author={Mok, Aloysius K},
	year={1983},
	publisher={Massachusetts Institute of Technology}
}

@inproceedings{kato2008global,
	title={Global EDF-based scheduling with efficient priority promotion},
	author={Kato, Shinpei and Yamasaki, Nobuyuki},
	booktitle={Embedded and Real-Time Computing Systems and Applications, 2008. RTCSA'08. 14th IEEE International Conference on},
	pages={197--206},
	year={2008},
	organization={IEEE}
}

@article{baruah2004optimal,
	title={Optimal utilization bounds for the fixed-priority scheduling of periodic task systems on identical multiprocessors},
	author={Baruah, Sanjoy K},
	journal={IEEE Transactions on Computers},
	volume={53},
	number={6},
	pages={781--784},
	year={2004},
	publisher={IEEE}
}

@inproceedings{andersson2008global,
	title={Global static-priority preemptive multiprocessor scheduling with utilization bound 38\%},
	author={Andersson, Bj{\"o}rn},
	booktitle={International Conference on Principles of Distributed Systems},
	pages={73--88},
	year={2008},
	organization={Springer}
}

@PhdThesis{TOUSSAINT,
	author = {Kabland Toussaint Gautier Tigori},
	title = {Méthode de génération d’exécutifs temps-réel},
	school = {École Centrale de Nantes},
	year = {2016},
	OPTkey = {},
	OPTtype = {},
	OPTaddress = {},
	OPTmonth = {},
	OPTnote = {},
	OPTannote = {},
	OPTurl = {},
	OPTurldate = {},
	OPTlastchecked = {},
	OPTdoi = {},
	OPTisbn = {},
	OPTissn = {},
	OPTlocalfile = {},
	OPTabstract = {},
	OPTkeywords = {},
}

@Article{BAKER2005,
	title={Comparison of empirical success rates of global vs. partitioned fixed-priority and EDF scheduling for hard real time},
	author={Baker, Theodore P},
	year={2005},
	journal={Citeseer}
}

@inproceedings{bechennec2006trampoline,
	title={Trampoline an open source implementation of the osek/vdx rtos specification},
	author={Bechennec, Jean-Luc and Briday, Mikael and Faucou, S{\'e}bastien and Trinquet, Yvon},
	booktitle={Emerging Technologies and Factory Automation, 2006. ETFA'06. IEEE Conference on},
	pages={62--69},
	year={2006},
	organization={IEEE}
}

@inproceedings{lime2009romeo,
	title={Romeo: A parametric model-checker for Petri nets with stopwatches},
	author={Lime, Didier and Roux, Olivier H and Seidner, Charlotte and Traonouez, Louis-Marie},
	booktitle={International Conference on Tools and Algorithms for the Construction and Analysis of Systems},
	pages={54--57},
	year={2009},
	organization={Springer}
}

@inproceedings{wolfe1997real,
	title={Real-time CORBA},
	author={Wolfe, Victor Fay and DiPippo, Lisa Cingiser and Ginis, Roman and Squadrito, Michael and Wohlever, Steven and Zykh, Igor and Johnston, Russell},
	booktitle={Real-Time Technology and Applications Symposium, 1997. Proceedings., Third IEEE},
	pages={148--157},
	year={1997},
	organization={IEEE}
}

@inproceedings{aasberg2012exsched,
	title={Exsched: An external cpu scheduler framework for real-time systems},
	author={{\AA}sberg, Mikael and Nolte, Thomas and Kato, Shinpei and Rajkumar, Ragunathan},
	booktitle={Embedded and Real-Time Computing Systems and Applications (RTCSA), 2012 IEEE 18th International Conference on},
	pages={240--249},
	year={2012},
	organization={IEEE}
}

@inproceedings{muller2005framework,
	title={A framework for simplifying the development of kernel schedulers: Design and performance evaluation},
	author={Muller, Gilles and Lawall, Julia L and Duchesne, Herv{\'e}},
	booktitle={High-Assurance Systems Engineering, 2005. HASE 2005. Ninth IEEE International Symposium on},
	pages={56--65},
	year={2005},
	organization={IEEE}
}

@book{dorseuil1991temps,
	title={Le temps r{\'e}el en milieu industriel},
	author={Dorseuil, Alain and Pillot, Pascal},
	year={1991},
	publisher={Dunod}
}

@Article{davis2011survey,
	title={A survey of hard real-time scheduling for multiprocessor systems},
	author={Davis, Robert I and Burns, Alan},
	journal={ACM computing surveys (CSUR)},
	volume={43},
	number={4},
	pages={35},
	year={2011},
	publisher={ACM}
}

@Article{cheramy2015algorithmes,
	title={Algorithmes pour l’ordonnancement temps r{\'e}el multiprocesseur},
	author={Ch{\'e}ramy, Maxime and Hladik, Pierre-Emmanuel and D{\'e}planche, Anne-Marie},
	journal={Journal Europ{\'e}en des Syst{\`e}mes Automatis{\'e}s (JESA)},
	volume={48},
	number={7-8},
	pages={613--639},
	year={2015}
}

@article{dhall1978real,
	title={On a real-time scheduling problem},
	author={Dhall, Sudarshan K and Liu, Chung Laung},
	journal={Operations research},
	volume={26},
	number={1},
	pages={127--140},
	year={1978},
	publisher={INFORMS}
}

@article{baruah1996proportionate,
	title={Proportionate progress: A notion of fairness in resource allocation},
	author={Baruah, Sanjoy K and Cohen, Neil K and Plaxton, C Greg and Varvel, Donald A},
	journal={Algorithmica},
	volume={15},
	number={6},
	pages={600--625},
	year={1996},
	publisher={Springer}
}

@article{nelissen2014optimal,
	title={An optimal boundary fair scheduling},
	author={Nelissen, Geoffrey and Su, Hang and Guo, Yifeng and Zhu, Dakai and N{\'e}lis, Vincent and Goossens, Jo{\"e}l},
	journal={Real-time systems},
	volume={50},
	number={4},
	pages={456--508},
	year={2014},
	publisher={Springer}
}

@inproceedings{calandrino2006litmus,
	title={LITMUS\^{} RT: A Testbed for Empirically Comparing Real-Time Multiprocessor Schedulers},
	author={Calandrino, John M and Leontyev, Hennadiy and Block, Aaron and Devi, UmaMaheswari C and Anderson, James H},
	booktitle={Real-Time Systems Symposium, 2006. RTSS'06. 27th IEEE International},
	pages={111--126},
	year={2006},
	organization={IEEE}
}

@article{liu1973scheduling,
	title={Scheduling algorithms for multiprogramming in a hard-real-time environment},
	author={Liu, Chung Laung and Layland, James W},
	journal={Journal of the ACM (JACM)},
	volume={20},
	number={1},
	pages={46--61},
	year={1973},
	publisher={ACM}
}

@inproceedings{anderson2005edf,
	title={An EDF-based scheduling algorithm for multiprocessor soft real-time systems},
	author={Anderson, James H and Bud, Vasile and Devi, UmaMaheswari C},
	booktitle={Real-Time Systems, 2005.(ECRTS 2005). Proceedings. 17th Euromicro Conference on},
	pages={199--208},
	year={2005},
	organization={IEEE}
}

@article{bletsas2011preemption,
	title={Preemption-light multiprocessor scheduling of sporadic tasks with high utilisation bound},
	author={Bletsas, Konstantinos and Andersson, Bj{\"o}rn},
	journal={Real-Time Systems},
	volume={47},
	number={4},
	pages={319--355},
	year={2011},
	publisher={Springer}
}

@inproceedings{regnier2011run,
	title={RUN: Optimal multiprocessor real-time scheduling via reduction to uniprocessor},
	author={Regnier, Paul and Lima, George and Massa, Ernesto and Levin, Greg and Brandt, Scott},
	booktitle={Real-Time Systems Symposium (RTSS), 2011 IEEE 32nd},
	pages={104--115},
	year={2011},
	organization={IEEE}
}

@TECHREPORT{Anderson99anew,
	author = {James H. Anderson and Anand Srinivasan},
	title = {A New Look at Pfair Priorities},
	institution = {In Submission},
	year = {1999}
}

@article{dhall1978real,
	title={On a real-time scheduling problem},
	author={Dhall, Sudarshan K and Liu, Chung Laung},
	journal={Operations research},
	volume={26},
	number={1},
	pages={127--140},
	year={1978},
	publisher={INFORMS}
}

@article{baruah2013partitioned,
	title={Partitioned EDF scheduling: a closer look},
	author={Baruah, Sanjoy},
	journal={Real-Time Systems},
	volume={49},
	number={6},
	pages={715--729},
	year={2013},
	publisher={Springer}
}

@thesis{nelissen2012,
	author = {Nelissen, Geoffrey},
	title = {Efficient Optimal Multiprocessor
	Scheduling Algorithms for
	Real-Time Systems},
	type = {Thèse},
	institution = {Ecole Polytechnique de Bruxelles},
	date = {2012},
	OPTsubtitle = {subtitle},
	OPTtitleaddon = {titleaddon},
	OPTlanguage = {language},
	OPTnote = {note},
	OPTlocation = {location},
	OPTmonth = {month},
	OPTisbn = {isbn},
	OPTchapter = {chapter},
	OPTpages = {pages},
	OPTpagetotal = {pagetotal},
	OPTaddendum = {addendum},
	OPTpubstate = {pubstate},
	OPTdoi = {doi},
	OPTeprint = {eprint},
	OPTeprintclass = {eprintclass},
	OPTeprinttype = {eprinttype},
	OPTurl = {url},
	OPTurldate = {urldate},
}
@book{yvonsystemes,
	title={Systemes D'Exploitation Temps Reel - Exemples D'Executifs Industriels},
	author={Yvon Trinquet, J.P.E.},
	url={https://books.google.fr/books?id=PCGbpwSoOeEC},
	publisher={Ed. Techniques Ing{\'e}nieur}
}

@online{rtlinux,
	ALTauthor = {FMSLab},
	ALTeditor = {editor},
	title = {RT-Linux},
	date = {1997},
	url = {http://www.fsmlabs.com},
	OPTsubtitle = {subtitle},
	OPTtitleaddon = {titleaddon},
	OPTlanguage = {language},
	OPTversion = {version},
	OPTnote = {note},
	OPTorganization = {organization},
	OPTdate = {date},
	OPTmonth = {month},
	OPTyear = {year},
	OPTaddendum = {addendum},
	OPTpubstate = {pubstate},
	OPTurldate = {urldate},
}

@inproceedings{wang1999implementing,
	title={Implementing a general real-time scheduling framework in the RED-Linux real-time kernel},
	author={Wang, Y-C and Lin, K-J},
	booktitle={Real-Time Systems Symposium, 1999. Proceedings. The 20th IEEE},
	pages={246--255},
	year={1999},
	organization={IEEE}
}

@article{lime2009formal,
	title={Formal verification of real-time systems with preemptive scheduling},
	author={Lime, Didier and Roux, Olivier (H)},
	journal={Real-Time Systems},
	volume={41},
	number={2},
	pages={118--151},
	year={2009},
	publisher={Springer}
}